<record><leader>00000cas a22000007a 4500</leader><controlfield tag="001">11337664</controlfield><controlfield tag="008">841101d18711874ksuwr ne      0   a0eng d</controlfield><datafield ind1=" " ind2=" " tag="010"><subfield code="a">sn 84027599 </subfield></datafield><datafield ind1=" " ind2=" " tag="040"><subfield code="a">NPU</subfield><subfield code="b">eng</subfield><subfield code="c">NPU</subfield><subfield code="d">NPT</subfield><subfield code="d">MGN</subfield><subfield code="d">OCLCQ</subfield></datafield><datafield ind1=" " ind2=" " tag="042"><subfield code="a">msc</subfield></datafield><datafield ind1="0" ind2=" " tag="130"><subfield code="a">Kansas new era (Grasshopper Falls, Kan.)</subfield></datafield><datafield ind1="1" ind2="4" tag="245"><subfield code="a">The Kansas new era.</subfield></datafield><datafield ind1="1" ind2="7" tag="246"><subfield code="a">New era</subfield></datafield><datafield ind1=" " ind2=" " tag="260"><subfield code="a">Grasshopper Falls, Kan. :</subfield><subfield code="b">S. Weaver</subfield></datafield><datafield ind1=" " ind2=" " tag="300"><subfield code="a">v. ;</subfield><subfield code="c">65 cm.</subfield></datafield><datafield ind1=" " ind2=" " tag="310"><subfield code="a">Weekly</subfield></datafield><datafield ind1="1" ind2=" " tag="362"><subfield code="a">Began in 1871?</subfield></datafield><datafield ind1="0" ind2=" " tag="362"><subfield code="a">-v. 9, no. 35 (Sept. 10, 1874).</subfield></datafield><datafield ind1=" " ind2=" " tag="500"><subfield code="a">Published by: Hoffman &amp; Lord, June 4-July 30, 1874; C.C. Lord, &lt;Aug. 20&gt;-Sept. 10, 1874.</subfield></datafield><datafield ind1=" " ind2=" " tag="500"><subfield code="a">Published every Thursday.</subfield></datafield><datafield ind1=" " ind2=" " tag="588"><subfield code="a">Description based on: Vol. 8, no. 6 (Feb. 13, 1873) = Whole no. 367.</subfield></datafield><datafield ind1=" " ind2=" " tag="752"><subfield code="a">United States</subfield><subfield code="b">Kansas</subfield><subfield code="c">Jefferson</subfield><subfield code="d">Grasshopper Falls.</subfield></datafield><datafield ind1="0" ind2="0" tag="780"><subfield code="t">Kansas weekly new era</subfield><subfield code="w">(DLC)sn 85029070</subfield></datafield><datafield ind1="0" ind2="7" tag="785"><subfield code="t">Grasshopper</subfield><subfield code="w">(DLC)sn 84027627</subfield></datafield><datafield ind1="0" ind2="7" tag="785"><subfield code="t">Grass hopper and new era</subfield><subfield code="w">(DLC)sn 85029075</subfield></datafield></record>